% Encoding: UTF-8

@Article{meta,
  author  = {Hongyu Huang and Daqiang Zhang and Yanmin Zhu and Minglu Li and Min-You Wu},
  title   = {A Metropolitan Taxi Mobility Model from Real GPS Traces},
  journal = {Journal of Universal Computer Science},
  year    = {2012},
}

@Article{scram,
  author  = {Shiyou Qian and Jian Cao and Frédéric Le Mouël and Issam Sahel and Minglu Li},
  title   = {SCRAM: A Sharing Considered Route Assignment Mechanism for Fair Taxi Route Recommendations},
  journal = {Proceedings of the 21st ACM SIGKDD Conference on Knowledge Discovery and Data Mining (KDD’2015)},
  year    = {2015},
}

@Article{wlan,
  author  = {Ravi Jain and Dan Lelescu and Mahadevan Balakrishnan},
  title   = {Model T: An Empirical Model for User Registration Patterns in a Campus Wireless LAN},
  journal = {MobiCom’05},
  year    = {2005},
}

@Comment{jabref-meta: databaseType:bibtex;}
